@phdthesis{slow5,
	author  = "Gamaarachchi, Hasindu",
	title   = "Computer Architecture-Aware Optimisation of DNA Analysis Systems",
	school  = "Faculty of Engineering, UNSW",
	address = "High St, Kensington, NSW 2052, Australia",
	year    = 2020,
    note    = "Chapter 7.4.1"
}

@misc{hdf5:specs,
    title        = "HDF5 File Format Specification Version 3.0",
    author		 = "{The HDF Group}",
	howpublished = "\url{https://support.hdfgroup.org/HDF5/doc/H5.format.html}",
	year         = 2016,
	month		 = apr,
	note         = "Accessed: 25-11-2020"
}

@misc{hdf5:nomulti,
    title        = "Questions about thread-safety and concurrent access",
    author		 = "{The HDF Group}",
	howpublished = "\url{https://portal.hdfgroup.org/display/knowledge/Questions+about+thread-safety+and+concurrent+access}",
    year         = 2020,
	note         = "Accessed: 24-11-2020"
}

@article{fast5,
	author   = "Miten Jain and Hugh E Olsen and Benedict Paten and Mark Akeson",
	title    = "Erratum to: The Oxford Nanopore MinION: delivery of nanopore sequencing to the genomics community",
	journal  = "Genome Biology",
	year     = 2016,
	volume   = 17,
	pages	 = 256,
	doi 	 = "10.1186/s13059-016-1103-0"
}

@article{sam:file,
	author   = "Heng Li and Bob Handsaker and Alec Wysoker and Tim Fennell and Jue Ruan and Nils Homer and Gabor Marth and Goncalo Abecasis and Richard Durbin and {1000 Genome Project Data Processing Subgroup}",
	title    = "The Sequence Alignment/Map format and SAMtools",
	journal  = "Bioinformatics",
	year     = 2009,
	month	 = aug,
	volume   = 25,
    number   = 16,
	pages	 = "2078-2079",
	doi 	 = "10.1093/bioinformatics/btp352"
}

@article{sam:stats,
	author   = "Heng Li",
	title    = "A statistical framework for SNP calling, mutation discovery, association mapping and population genetical parameter estimation from sequencing data",
	journal  = "Bioinformatics",
	year     = 2011,
	month	 = nov,
	volume   = 27,
    number   = 21,
	pages	 = "2987-2993",
	doi 	 = "10.1093/bioinformatics/btr509"
}

@article{vcf:file,
    author  = "Petr Danecek and Adam Auton and Goncalo Abecasis and Cornelis A Albers and Eric Banks and Mark A DePristo and Robert E Handsaker and Gerton Lunter and Gabor T Marth and Stephen T Sherry and Gilean McVean and Richard Durbin and {1000 Genomes Project Analysis Group}",
    title   = "The variant call format and VCFtools",
    journal = "Bioinformatics",
    year    = 2011,
    month   = aug,
    volume  = 27,
    number  = 15,
    pages   = "2156â€“2158",
    doi     = "10.1093/bioinformatics/btr330"
}

@article{nanopolish,
    author  = "Jared T Simpson and Rachael E Workman and P C Zuzarte and Matei David and L J Dursi and Winston Timp",
    title   = "Detecting DNA cytosine methylation using nanopore sequencing",
    journal = "Nature Methods",
    year    = 2017,
    month   = feb,
    volume  = 14,
    pages   = "407-410",
    doi     = "10.1038/nmeth.4184"
}

@article{f5c,
    author  = "Hasindu Gamaarachchi and Chun Wai Lam and Gihan Jayatilaka and Hiruna Samarakoon and Jared T Simpson and Martin A Smith and Sri Parameswaran",
    title   = "GPU accelerated adaptive banded event alignment for rapid comparative nanopore signal analysis",
    journal = "BMC Bioinformatics",
    year    = 2020,
    month   = aug,
    volume  = 21,
    pages   = "343",
    doi     = "10.1186/s12859-020-03697-x"
}

@manual{gzip,
    author  = "L. Peter Deutsch and Glenn Randers-Pehrson",
    title   = "GZIP file format specification version 4.3",
    year    = 1996,
    month   = may,
    note    = "\url{https://tools.ietf.org/html/rfc1952}"
}

@manual{zlib,
    author  = "Jean-Loup Gailly and Mark Adler",
    title   = "zlib 1.2.11 Manual",
    year    = 2017,
    month   = jan,
    note    = "\url{https://zlib.net/manual.html}"
}

@manual{wc,
    title   = "The Open Group Base Specifications",
    organization = "{The Open Group}",
    edition = 7,
    year    = 2018,
    note    = "\url{https://pubs.opengroup.org/onlinepubs/9699919799/utilities/wc.html}"
}
